<record><leader>00000cas a2200000 a 4500</leader><controlfield tag="001">9361524</controlfield><controlfield tag="008">830330d18661866miudn ne      0   a0eng c</controlfield><datafield ind1=" " ind2=" " tag="010"><subfield code="a">sn 83025261 </subfield></datafield><datafield ind1=" " ind2=" " tag="040"><subfield code="a">NPV</subfield><subfield code="b">eng</subfield><subfield code="c">NPV</subfield><subfield code="d">MHN</subfield><subfield code="d">OCL</subfield><subfield code="d">OCLCQ</subfield><subfield code="d">OCLCF</subfield><subfield code="d">GZM</subfield><subfield code="d">OCLCO</subfield></datafield><datafield ind1="1" ind2=" " tag="029"><subfield code="a">AU@</subfield><subfield code="b">000025810460</subfield></datafield><datafield ind1=" " ind2=" " tag="042"><subfield code="a">pcc</subfield></datafield><datafield ind1=" " ind2=" " tag="043"><subfield code="a">n-us-mi</subfield></datafield><datafield ind1=" " ind2=" " tag="045"><subfield code="a">w6w-</subfield></datafield><datafield ind1=" " ind2=" " tag="052"><subfield code="a">4113</subfield><subfield code="b">W3</subfield></datafield><datafield ind1="0" ind2=" " tag="130"><subfield code="a">Daily post (Detroit, Mich.)</subfield></datafield><datafield ind1="1" ind2="4" tag="245"><subfield code="a">The Daily post.</subfield></datafield><datafield ind1=" " ind2=" " tag="260"><subfield code="a">Detroit, Mich. :</subfield><subfield code="b">[s.n.]</subfield></datafield><datafield ind1=" " ind2=" " tag="300"><subfield code="a">v. ;</subfield><subfield code="c">56 cm.</subfield></datafield><datafield ind1="0" ind2=" " tag="362"><subfield code="a">Vol. 1, no. 1 (Mar. 27, 1866)-v. 1, no. 85 (July 3, 1866).</subfield></datafield><datafield ind1=" " ind2=" " tag="500"><subfield code="a">Editor: Carl Schurz, &lt;Apr. 5, 1866&gt;-July 3, 1866.</subfield></datafield><datafield ind1=" " ind2=" " tag="580"><subfield code="a">Continues: Detroit morning post?</subfield></datafield><datafield ind1=" " ind2=" " tag="580"><subfield code="a">Other ed. available: Weekly post (Detroit, Mich.); and: Detroit tri-weekly post.</subfield></datafield><datafield ind1=" " ind2="0" tag="651"><subfield code="a">Detroit (Mich.)</subfield><subfield code="v">Newspapers.</subfield></datafield><datafield ind1=" " ind2="0" tag="651"><subfield code="a">Wayne County (Mich.)</subfield><subfield code="v">Newspapers.</subfield></datafield><datafield ind1=" " ind2="7" tag="651"><subfield code="a">Michigan</subfield><subfield code="z">Detroit.</subfield><subfield code="2">fast</subfield><subfield code="0">(OCoLC)fst01205010</subfield></datafield><datafield ind1=" " ind2="7" tag="651"><subfield code="a">Michigan</subfield><subfield code="z">Wayne County.</subfield><subfield code="2">fast</subfield><subfield code="0">(OCoLC)fst01206628</subfield></datafield><datafield ind1=" " ind2="7" tag="655"><subfield code="a">Newspapers.</subfield><subfield code="2">fast</subfield><subfield code="0">(OCoLC)fst01423814</subfield></datafield><datafield ind1="1" ind2=" " tag="700"><subfield code="a">Schurz, Carl,</subfield><subfield code="d">1829-1906.</subfield></datafield><datafield ind1=" " ind2=" " tag="752"><subfield code="a">United States</subfield><subfield code="b">Michigan</subfield><subfield code="c">Wayne</subfield><subfield code="d">Detroit.</subfield></datafield><datafield ind1="1" ind2=" " tag="775"><subfield code="t">Weekly post (Detroit, Mich.)</subfield><subfield code="w">(DLC)sn 85033924</subfield><subfield code="w">(OCoLC)12322591</subfield></datafield><datafield ind1="1" ind2=" " tag="775"><subfield code="t">Detroit tri-weekly post</subfield><subfield code="w">(DLC)sn 86053894</subfield><subfield code="w">(OCoLC)14756728</subfield></datafield><datafield ind1="1" ind2="0" tag="780"><subfield code="t">Detroit morning post</subfield><subfield code="w">(DLC)sn 85033855</subfield><subfield code="w">(OCoLC)12296028</subfield></datafield><datafield ind1="0" ind2="0" tag="785"><subfield code="t">Detroit post (Detroit, Mich. : 1866)</subfield><subfield code="w">(DLC)sn 96077377</subfield><subfield code="w">(OCoLC)36108907</subfield></datafield></record>